<record><leader>00000cas a2200000 a 4500</leader><controlfield tag="001">33066698</controlfield><controlfield tag="008">950830d19241956caucr ne      0    0eng c</controlfield><datafield ind1=" " ind2=" " tag="010"><subfield code="a">sn 95061549 </subfield></datafield><datafield ind1=" " ind2=" " tag="040"><subfield code="a">CNK</subfield><subfield code="b">eng</subfield><subfield code="c">CNK</subfield><subfield code="d">OCLCQ</subfield></datafield><datafield ind1=" " ind2=" " tag="042"><subfield code="a">pcc</subfield></datafield><datafield ind1=" " ind2=" " tag="043"><subfield code="a">n-us-ca</subfield></datafield><datafield ind1="0" ind2="4" tag="245"><subfield code="a">The Highland Park news-herald.</subfield></datafield><datafield ind1="1" ind2=" " tag="246"><subfield code="i">Issues for June 15-22, 1934 published as:</subfield><subfield code="a">Greater Highland Park news-herald</subfield></datafield><datafield ind1=" " ind2=" " tag="260"><subfield code="a">Highland Park, Los Angeles, Calif. :</subfield><subfield code="b">Highland Park News-Herald Pub. Co.</subfield></datafield><datafield ind1=" " ind2=" " tag="300"><subfield code="a">v.</subfield></datafield><datafield ind1=" " ind2=" " tag="310"><subfield code="a">Semiweekly,</subfield><subfield code="b">&lt;May 1939&gt;-Oct. 1, 1956</subfield></datafield><datafield ind1=" " ind2=" " tag="321"><subfield code="a">Weekly,</subfield><subfield code="b">Oct. 24, 1924-&lt;Sept. 1935&gt;</subfield></datafield><datafield ind1=" " ind2=" " tag="321"><subfield code="a">Semiweekly,</subfield><subfield code="b">&lt;Sept. 1935-July 1936&gt;</subfield></datafield><datafield ind1=" " ind2=" " tag="321"><subfield code="a">Weekly,</subfield><subfield code="b">&lt;Aug. 1936-June 1938&gt;</subfield></datafield><datafield ind1="0" ind2=" " tag="362"><subfield code="a">Vol. 19, no. 21 (Oct. 24, 1924)-v. 51, no. 77 (Oct. 1, 1956).</subfield></datafield><datafield ind1=" " ind2="0" tag="651"><subfield code="a">Highland Park (Calif.)</subfield><subfield code="v">Newspapers.</subfield></datafield><datafield ind1=" " ind2=" " tag="752"><subfield code="a">United States</subfield><subfield code="b">California</subfield><subfield code="c">Los Angeles</subfield><subfield code="d">Highland Park.</subfield></datafield><datafield ind1="0" ind2="5" tag="780"><subfield code="t">Northeast news-herald and northeast community press</subfield><subfield code="w">(DLC)sn 95061546</subfield></datafield><datafield ind1="0" ind2="0" tag="785"><subfield code="t">Highland Park news-herald &amp; journal</subfield><subfield code="w">(DLC)sn 95061550</subfield></datafield><datafield ind1="0" ind2="1" tag="785"><subfield code="t">Northeast news-herald (Los Angeles, Calif. : 1934)</subfield><subfield code="w">(DLC)sn 95061552</subfield></datafield><datafield ind1="1" ind2=" " tag="029"><subfield code="a">AU@</subfield><subfield code="b">000011994143</subfield></datafield></record>